@online{
    url = "http://star-www.dur.ac.uk/~tt/MSc/Lecture2.pdf"
}

@online{methods
    title = "Numerical Integration - Midpoint, Trapezoid, Simpsonâ€™s rule",
    url = "https://math.libretexts.org/@go/page/10269",
    year = 2021,
    month = July, 
    day = 25
}

@online{videogames
    url= "https://www.haroldserrano.com/blog/algorithms-in-game-engine-development"
}

